<record><leader>00000cas a2200000 a 4500</leader><controlfield tag="001">10685752</controlfield><controlfield tag="008">840503d18701875nvuwr ne      0    0eng  </controlfield><datafield ind1=" " ind2=" " tag="010"><subfield code="a">sn 84020367 </subfield></datafield><datafield ind1=" " ind2=" " tag="040"><subfield code="a">DLC</subfield><subfield code="b">eng</subfield><subfield code="c">DLC</subfield><subfield code="d">NNX</subfield><subfield code="d">CNK</subfield><subfield code="d">DLC</subfield><subfield code="d">OCLCQ</subfield></datafield><datafield ind1=" " ind2=" " tag="042"><subfield code="a">pcc</subfield></datafield><datafield ind1=" " ind2=" " tag="043"><subfield code="a">n-us-nv</subfield></datafield><datafield ind1="0" ind2="0" tag="050"><subfield code="a">Newspaper</subfield></datafield><datafield ind1="0" ind2=" " tag="130"><subfield code="a">Nevada state journal (Reno, Nev. : 1870)</subfield></datafield><datafield ind1="1" ind2="0" tag="245"><subfield code="a">Nevada state journal.</subfield></datafield><datafield ind1=" " ind2=" " tag="260"><subfield code="a">Reno, Nev. :</subfield><subfield code="b">J.W. Law &amp; Co.,</subfield><subfield code="c">1870-1875.</subfield></datafield><datafield ind1=" " ind2=" " tag="300"><subfield code="a">6 v. :</subfield><subfield code="b">ill. (chiefly advertisements)</subfield></datafield><datafield ind1=" " ind2=" " tag="310"><subfield code="a">Weekly,</subfield><subfield code="b">Apr. 4, 1874-July 31, 1875</subfield></datafield><datafield ind1=" " ind2=" " tag="321"><subfield code="a">Weekly,</subfield><subfield code="b">Nov. 23, 1870-Feb. 1, 1873</subfield></datafield><datafield ind1=" " ind2=" " tag="321"><subfield code="a">Semiweekly,</subfield><subfield code="b">Feb. 5, 1873-Mar. 25, 1874</subfield></datafield><datafield ind1="0" ind2=" " tag="362"><subfield code="a">Vol. 1, no. 1 (Nov. 23, 1870)-v. 6, no. 41 (July 31, 1875).</subfield></datafield><datafield ind1=" " ind2=" " tag="500"><subfield code="a">"Independent."</subfield></datafield><datafield ind1=" " ind2=" " tag="580"><subfield code="a">Daily ed.: Nevada state journal, Mar. 31-Apr. 1, 1874; Daily Nevada state journal, Apr. 2, 1874-July 31, 1874.</subfield></datafield><datafield ind1=" " ind2=" " tag="752"><subfield code="a">United States</subfield><subfield code="b">Nevada</subfield><subfield code="c">Washoe</subfield><subfield code="d">Reno.</subfield></datafield><datafield ind1="1" ind2=" " tag="775"><subfield code="t">Nevada state journal (Reno, Nev. : 1874)</subfield><subfield code="w">(DLC)sn 84020368</subfield><subfield code="w">(OCoLC)10685940</subfield></datafield><datafield ind1="1" ind2=" " tag="775"><subfield code="t">Daily Nevada state journal</subfield><subfield code="w">(DLC)sn 84022052</subfield><subfield code="w">(OCoLC)10269578</subfield></datafield><datafield ind1="0" ind2="0" tag="785"><subfield code="t">Weekly Nevada state journal</subfield><subfield code="w">(DLC)sn 84022051</subfield><subfield code="w">(OCoLC)10269330</subfield></datafield><datafield ind1="1" ind2=" " tag="029"><subfield code="a">AU@</subfield><subfield code="b">000020434212</subfield></datafield></record>